<?xml version = "1.0" encoding = "UTF-8"?><OAI-PMH xmlns="http://www.openarchives.org/OAI/2.0/" xmlns:xsi="http://www.w3.org/2001/XMLSchema-instance" xsi:schemaLocation="http://www.openarchives.org/OAI/2.0/ http://www.openarchives.org/OAI/2.0/OAI-PMH.xsd"><ListRecords><record><header><identifier>aleph-publish:021944089</identifier></header><metadata><record xmlns="http://www.ddb.de/professionell/mabxml/mabxml-1.xsd"><leader>------M2.01200024------h</leader><controlfield tag="LDR">------M2.01200024------h</controlfield><controlfield tag="FMT">MH</controlfield><datafield tag="001" ind1="-" ind2="1"><subfield code="a">HT019440025</subfield></datafield><datafield tag="002" ind1="a" ind2="1"><subfield code="a">20170905</subfield></datafield><datafield tag="003" ind1="-" ind2="1"><subfield code="a">20200924</subfield></datafield><datafield tag="026" ind1="-" ind2="1"><subfield code="a">HBZHT019440025</subfield></datafield><controlfield tag="030">a|zur||||||27</controlfield><datafield tag="036" ind1="a" ind2="1"><subfield code="a">DE</subfield></datafield><datafield tag="037" ind1="b" ind2="1"><subfield code="a">ger</subfield></datafield><controlfield tag="050">||||||||g|||||</controlfield><controlfield tag="051">sk||||||</controlfield><datafield tag="060" ind1="-" ind2="1"><subfield code="b">txt</subfield><subfield code="a">Text</subfield></datafield><datafield tag="061" ind1="-" ind2="1"><subfield code="b">c</subfield><subfield code="a">Computermedien</subfield></datafield><datafield tag="062" ind1="-" ind2="1"><subfield code="b">cr</subfield><subfield code="a">Online-Ressource</subfield></datafield><datafield tag="064" ind1="a" ind2="1"><subfield code="a">Konferenzschrift</subfield><subfield code="9">(DE-588)1071861417</subfield><subfield code="y">2016</subfield><subfield code="z">Koblenz</subfield></datafield><datafield tag="064" ind1="a" ind2="1"><subfield code="a">Amtliche Publikation</subfield><subfield code="9">4142300-8</subfield></datafield><datafield tag="070" ind1="-" ind2="1"><subfield code="a">929</subfield></datafield><datafield tag="070" ind1="b" ind2="1"><subfield code="a">929</subfield></datafield><datafield tag="078" ind1="r" ind2="1"><subfield code="a">929: edoweb</subfield></datafield><datafield tag="080" ind1="-" ind2="1"><subfield code="a">60</subfield></datafield><datafield tag="100" ind1="b" ind2="1"><subfield code="p">Hexemer, Hans-Peter</subfield><subfield code="d">1952-</subfield><subfield code="4">edt</subfield><subfield code="3">Herausgeber</subfield><subfield code="9">(DE-588)1151969400</subfield></datafield><datafield tag="101" ind1="-" ind2="1"><subfield code="p">Hexemer, Hans Peter</subfield><subfield code="d">1952-</subfield></datafield><datafield tag="101" ind1="-" ind2="1"><subfield code="p">Hexemer, Hans-P.</subfield><subfield code="d">1952-</subfield></datafield><datafield tag="101" ind1="-" ind2="1"><subfield code="p">Hexemer, Hans P.</subfield><subfield code="d">1952-</subfield></datafield><datafield tag="101" ind1="-" ind2="1"><subfield code="p">Hexemer, H.-P.</subfield><subfield code="d">1952-</subfield></datafield><datafield tag="101" ind1="-" ind2="1"><subfield code="p">Hexemer, H. P.</subfield><subfield code="d">1952-</subfield></datafield><datafield tag="101" ind1="-" ind2="1"><subfield code="p">Hexemer, H.</subfield><subfield code="d">1952-</subfield></datafield><datafield tag="200" ind1="-" ind2="1"><subfield code="e">70 Jahre Parlament in Rheinland-Pfalz</subfield><subfield code="h">Veranstaltung</subfield><subfield code="d">2016</subfield><subfield code="c">Koblenz</subfield><subfield code="9">(DE-588)1139979302</subfield></datafield><datafield tag="201" ind1="-" ind2="1"><subfield code="e">Siebzig Jahre Parlament in Rheinland-Pfalz</subfield><subfield code="h">Veranstaltung</subfield><subfield code="d">2016</subfield><subfield code="c">Koblenz</subfield></datafield><datafield tag="201" ind1="-" ind2="1"><subfield code="e">70 Jahre Parlament in Rheinland-Pfalz. Festveranstaltung am 22. November 2016 im Stadttheater Koblenz</subfield></datafield><datafield tag="204" ind1="b" ind2="1"><subfield code="k">Rheinland-Pfalz</subfield><subfield code="b">Landtag</subfield><subfield code="4">isb</subfield><subfield code="3">Herausgebendes Organ</subfield><subfield code="9">(DE-588)2029773-7</subfield></datafield><datafield tag="205" ind1="-" ind2="1"><subfield code="k">Rheinland-Pfalz</subfield><subfield code="b">Landtag</subfield><subfield code="b">Parlaments- und Wissenschaftlicher Dienst</subfield></datafield><datafield tag="205" ind1="-" ind2="1"><subfield code="k">Rheinland-Pfalz</subfield><subfield code="b">Landtag</subfield><subfield code="b">Wissenschaftlicher Dienst</subfield></datafield><datafield tag="205" ind1="-" ind2="1"><subfield code="k">Rheinland-Pfalz</subfield><subfield code="b">Landtag</subfield><subfield code="b">Wissenschaftliche Abteilung</subfield></datafield><datafield tag="205" ind1="-" ind2="1"><subfield code="k">Parlaments- und Wissenschaftlicher Dienst</subfield><subfield code="h">Mainz</subfield></datafield><datafield tag="205" ind1="-" ind2="1"><subfield code="k">Wissenschaftliche Abteilung</subfield><subfield code="h">Rheinland-Pfalz, Landtag</subfield></datafield><datafield tag="205" ind1="-" ind2="1"><subfield code="k">Rheinland-Pfalz</subfield><subfield code="b">Landtag</subfield><subfield code="b">Drucksachen-Abteilung</subfield><subfield code="n">1</subfield></datafield><datafield tag="205" ind1="-" ind2="1"><subfield code="k">Rheinland-Pfalz</subfield><subfield code="b">Landtag</subfield><subfield code="b">Drucksachen-Abteilung</subfield><subfield code="n">2</subfield></datafield><datafield tag="205" ind1="-" ind2="1"><subfield code="k">Rheinland-Pfalz</subfield><subfield code="b">Landtag</subfield><subfield code="b">Drucksachen-Abteilung</subfield><subfield code="n">3</subfield></datafield><datafield tag="205" ind1="-" ind2="1"><subfield code="k">Rheinland-Pfalz</subfield><subfield code="b">Landtag</subfield><subfield code="b">Verwaltung</subfield></datafield><datafield tag="205" ind1="-" ind2="1"><subfield code="k">Landtag</subfield><subfield code="h">Rheinland-Pfalz</subfield></datafield><datafield tag="205" ind1="-" ind2="1"><subfield code="k">Rheinland-Pfalz</subfield><subfield code="b">Landtag</subfield><subfield code="b">Referat Öffentlichkeitsarbeit</subfield></datafield><datafield tag="205" ind1="-" ind2="1"><subfield code="k">Rheinland-Pfalz</subfield><subfield code="b">Landtag</subfield><subfield code="b">Der Präsident</subfield></datafield><datafield tag="205" ind1="-" ind2="1"><subfield code="k">Rheinland-Pfalz</subfield><subfield code="b">Landtag</subfield><subfield code="b">Präsident</subfield></datafield><datafield tag="205" ind1="-" ind2="1"><subfield code="k">Der Präsident des Landtags Rheinland-Pfalz</subfield></datafield><datafield tag="205" ind1="-" ind2="1"><subfield code="k">&lt;&lt;Der&gt;&gt; Präsident</subfield><subfield code="h">Rheinland-Pfalz. Landtag</subfield></datafield><datafield tag="331" ind1="-" ind2="1"><subfield code="a">70 Jahre Parlament in Rheinland-Pfalz</subfield></datafield><datafield tag="335" ind1="-" ind2="1"><subfield code="a">Festveranstaltung am 22. November im Stadttheater Koblenz</subfield></datafield><datafield tag="359" ind1="-" ind2="1"><subfield code="a">Herausgeber: Der Präsident des Landtags Rheinland-Pfalz ; verantwortlich: Hans-Peter Hexemer, Leiter Kommunikation und neue Medien</subfield></datafield><datafield tag="370" ind1="a" ind2="1"><subfield code="a">Siebzig Jahre Parlament in Rheinland-Pfalz</subfield></datafield><datafield tag="419" ind1="-" ind2="1"><subfield code="a">Mainz</subfield><subfield code="b">Landtag Rheinland-Pfalz</subfield><subfield code="c">[2017]</subfield></datafield><datafield tag="419" ind1="d" ind2="1"><subfield code="c">© 2017</subfield></datafield><datafield tag="425" ind1="a" ind2="1"><subfield code="a">2017</subfield></datafield><datafield tag="433" ind1="-" ind2="1"><subfield code="a">1 Online-Ressource (89 Seiten)</subfield></datafield><datafield tag="434" ind1="-" ind2="1"><subfield code="a">Illustrationen</subfield></datafield><datafield tag="443" ind1="-" ind2="1"><subfield code="a">Textdatei</subfield><subfield code="b">PDF</subfield><subfield code="c">817 KB</subfield></datafield><datafield tag="451" ind1="-" ind2="1"><subfield code="a">Schriftenreihe des Landtags Rheinland-Pfalz ; Heft 67</subfield></datafield><datafield tag="453" ind1="-" ind2="1"><subfield code="a">HT019378259</subfield></datafield><datafield tag="455" ind1="-" ind2="1"><subfield code="a">Heft 67</subfield></datafield><datafield tag="456" ind1="-" ind2="1"><subfield code="a">67</subfield></datafield><datafield tag="552" ind1="b" ind2="1"><subfield code="a">urn:nbn:de:hbz:929:02-edoweb:70119907</subfield></datafield><datafield tag="655" ind1="e" ind2="1"><subfield code="u">https://www.edoweb-rlp.de/resource/edoweb:7011990</subfield><subfield code="x">Archivierte Online-Ressource</subfield><subfield code="A">0</subfield></datafield><datafield tag="655" ind1="e" ind2="1"><subfield code="x">Archivierte Online-Ressource</subfield><subfield code="x">Langzeitarchivierung</subfield><subfield code="z">kostenfrei</subfield></datafield><datafield tag="700" ind1="l" ind2="1"><subfield code="a">rpb404320</subfield></datafield><datafield tag="700" ind1="l" ind2="1"><subfield code="a">rpbr_99_o31500000_</subfield></datafield><datafield tag="700" ind1="l" ind2="1"><subfield code="a">rpbr_01_</subfield></datafield><datafield tag="700" ind1="l" ind2="1"><subfield code="a">330</subfield></datafield><datafield tag="700" ind1="l" ind2="1"><subfield code="a">610</subfield></datafield><datafield tag="700" ind1="l" ind2="1"><subfield code="a">130</subfield></datafield><datafield tag="700" ind1="l" ind2="1"><subfield code="a">131</subfield></datafield><datafield tag="700" ind1="l" ind2="1"><subfield code="a">106</subfield></datafield><datafield tag="700" ind1="l" ind2="1"><subfield code="a">139</subfield></datafield><datafield tag="700" ind1="l" ind2="1"><subfield code="a">147</subfield></datafield><datafield tag="700" ind1="b" ind2="1"><subfield code="a">914.3</subfield></datafield><datafield tag="700" ind1="b" ind2="1"><subfield code="a">320</subfield></datafield><datafield tag="902" ind1="-" ind2="1"><subfield code="k">Rheinland-Pfalz</subfield><subfield code="b">Landtag</subfield><subfield code="9">(DE-588)2029773-7</subfield></datafield><datafield tag="902" ind1="-" ind2="1"><subfield code="s">Jubiläum</subfield><subfield code="9">(DE-588)4129003-3</subfield></datafield><datafield tag="902" ind1="-" ind2="1"><subfield code="z">Geschichte 2016</subfield></datafield><controlfield tag="SYS">021944089</controlfield><datafield tag="LOW" ind1="-" ind2="1"><subfield code="a">R0001</subfield></datafield><datafield tag="952" ind1="-" ind2="1"><subfield code="k">Rheinland-Pfalz</subfield><subfield code="b">Landtag</subfield><subfield code="b">Parlaments- und Wissenschaftlicher Dienst</subfield></datafield><datafield tag="952" ind1="-" ind2="1"><subfield code="k">Rheinland-Pfalz</subfield><subfield code="b">Landtag</subfield><subfield code="b">Wissenschaftlicher Dienst</subfield></datafield><datafield tag="952" ind1="-" ind2="1"><subfield code="k">Rheinland-Pfalz</subfield><subfield code="b">Landtag</subfield><subfield code="b">Wissenschaftliche Abteilung</subfield></datafield><datafield tag="952" ind1="-" ind2="1"><subfield code="k">Parlaments- und Wissenschaftlicher Dienst</subfield><subfield code="h">Mainz</subfield></datafield><datafield tag="952" ind1="-" ind2="1"><subfield code="k">Wissenschaftliche Abteilung</subfield><subfield code="h">Rheinland-Pfalz, Landtag</subfield></datafield><datafield tag="952" ind1="-" ind2="1"><subfield code="k">Rheinland-Pfalz</subfield><subfield code="b">Landtag</subfield><subfield code="b">Drucksachen-Abteilung</subfield><subfield code="n">1</subfield></datafield><datafield tag="952" ind1="-" ind2="1"><subfield code="k">Rheinland-Pfalz</subfield><subfield code="b">Landtag</subfield><subfield code="b">Drucksachen-Abteilung</subfield><subfield code="n">2</subfield></datafield><datafield tag="952" ind1="-" ind2="1"><subfield code="k">Rheinland-Pfalz</subfield><subfield code="b">Landtag</subfield><subfield code="b">Drucksachen-Abteilung</subfield><subfield code="n">3</subfield></datafield><datafield tag="952" ind1="-" ind2="1"><subfield code="k">Rheinland-Pfalz</subfield><subfield code="b">Landtag</subfield><subfield code="b">Verwaltung</subfield></datafield><datafield tag="952" ind1="-" ind2="1"><subfield code="k">Landtag</subfield><subfield code="h">Rheinland-Pfalz</subfield></datafield><datafield tag="952" ind1="-" ind2="1"><subfield code="k">Rheinland-Pfalz</subfield><subfield code="b">Landtag</subfield><subfield code="b">Referat Öffentlichkeitsarbeit</subfield></datafield><datafield tag="952" ind1="-" ind2="1"><subfield code="k">Rheinland-Pfalz</subfield><subfield code="b">Landtag</subfield><subfield code="b">Der Präsident</subfield></datafield><datafield tag="952" ind1="-" ind2="1"><subfield code="k">Rheinland-Pfalz</subfield><subfield code="b">Landtag</subfield><subfield code="b">Präsident</subfield></datafield><datafield tag="952" ind1="-" ind2="1"><subfield code="k">Der Präsident des Landtags Rheinland-Pfalz</subfield></datafield><datafield tag="952" ind1="-" ind2="1"><subfield code="k">&lt;&lt;Der&gt;&gt; Präsident</subfield><subfield code="h">Rheinland-Pfalz. Landtag</subfield></datafield><datafield tag="952" ind1="-" ind2="1"><subfield code="s">Jubiläumsfeier</subfield></datafield><datafield tag="952" ind1="-" ind2="1"><subfield code="s">Jubiläen</subfield></datafield><datafield tag="088" ind1=" " ind2=" "><subfield code="a">929</subfield></datafield></record></metadata></record></ListRecords></OAI-PMH>